@article{jif,
  title={Protecting privacy using the decentralized label model},
  author={Myers, Andrew C and Liskov, Barbara},
  journal={ACM Transactions on Software Engineering and Methodology (TOSEM)},
  volume={9},
  number={4},
  pages={410--442},
  year={2000},
  publisher={ACM}
}

@article{trustshadow,
  title={TrustShadow: Secure Execution of Unmodified Applications with ARM TrustZone},
  author={Guan, Le and Liu, Peng and Xing, Xinyu and Ge, Xinyang and Zhang, Shengzhi and Yu, Meng and Jaeger, Trent},
  journal={arXiv preprint arXiv:1704.05600},
  year={2017}
}

@techreport{sgx,
  title={Intel SGX Explained},
  author={Costan, Victor and Devadas, Srinivas},
  institution={Cryptology ePrint Archive, Report 2016/086, 2016. https://eprint. iacr. org/2016/086}
}

@misc{sandstorm,
  title = {Sandstorm},
  howpublished = {https://sandstorm.io/},
  note = {Accessed: 2019-02-15},
}

@misc{mitdegrees,
  title = {Digital Diploma debuts at MIT},
  howpublished = {http://news.mit.edu/2017/mit-debuts-secure-digital-diploma-using-bitcoin-blockchain-technology-1017},
  note = {Accessed: 2019-02-15},
}

@misc{transcriptUS,
  title = {Secure Transcript Survey US Universities Use SSN Academic Transcripts Titus},
  howpublished = {url{https://www.privacyrights.org/blog/secure-transcript-survey-us-universities-use-ssn-academic-transcripts-titus}},
  note = {Accessed: 2019-02-15},
}

@misc{royalprivacy,
  title = {Royals Seek Prince George Paparazzi Photo Ban After Children Targeted},
  howpublished = {\url{http://www.belfasttelegraph.co.uk/news/uk/royals-seek-prince-george-paparazzi-photo-ban-after-children-targeted-31451393.html}},
  note = {Accessed: 2019-02-15},
}

@misc{iCloudhack,
  title = {Images of Duchess of Cambridge and Children Stolen in iCloud Hack},
  howpublished = {\url{https://www.theguardian.com/lifeandstyle/2016/sep/23/images-of-duchess-of-cambridge-and-children-stolen-in-icloud-hack}},
  note = {Accessed: 2019-02-15},
}

@inproceedings{ehrsecurity,
  title={A security policy model for clinical information systems},
  author={Anderson, Ross J},
  booktitle={Security and Privacy, 1996. Proceedings., 1996 IEEE Symposium on},
  pages={30--43},
  year={1996},
  organization={IEEE}
}

@misc{iErase,
  title = {Erase all content and settings on your iPhone iPad touch or Apple Watch},
  howpublished = {https://support.apple.com/en-ca/HT201274},
  note = {Accessed: 2019-02-15},
}

@inproceedings{evalpaper,
  title={Smart layers and dumb result: IO characterization of an android-based smartphone},
  author={Lee, Kisung and Won, Youjip},
  booktitle={Proceedings of the tenth ACM international conference on Embedded software},
  pages={23--32},
  year={2012},
  organization={ACM}
}

@misc{securespaces,
  title = {Secure Spaces},
  howpublished = {https://www.spacesmobile.com/},
  note = {Accessed: 2019-02-15},
}

@misc{hikey,
  title = {{LeMaker HiKey}},
  howpublished = {http://www.lemaker.org/product-hikey-index.html}
}

@misc{applepay,
  title = {Apple Pay},
  howpublished = {http://www.apple.com/ca/apple-pay/},
  note = {Accessed: 2019-02-15},
}

@misc{optee,
  title = {{OP-TEE}},
  howpublished = {https://github.com/OP-TEE/},
  note = {Accessed: 2019-02-15},
}

@misc{tlk,
  title = {NVIDIA Trusted Little Kernel (TLK)},
  howpublished = {http://nv-tegra.nvidia.com/gitweb/},
  note = {Accessed: 2019-02-15},
}

@misc{atf,
  title = {ARM Trusted Firmware},
  howpublished = {https://github.com/ARM-software/arm-trusted-firmware},
  note = {Accessed: 2019-02-15},
}

@misc{globalplatformAPI,
  title = {Global Platform API Specifications},
  howpublished = {http://www.globalplatform.org/},
  note = {Accessed: 2019-02-15},
}

@misc{lloader,
  title = {96Board l-loader},
  howpublished = {https://github.com/96boards/l-loader},
  note = {Accessed: 2019-02-15},
}


@misc{hypori,
  title = {Hypori},
  howpublished = {http://www.hypori.com/},
  note = {Accessed: 2019-02-15},
}

@inproceedings{asbestos,
  title={Labels and event processes in the Asbestos operating system},
  author={Efstathopoulos, Petros and Krohn, Maxwell and VanDeBogart, Steve and Frey, Cliff and Ziegler, David and Kohler, Eddie and Mazieres, David and Kaashoek, Frans and Morris, Robert},
  booktitle={ACM SIGOPS Operating Systems Review},
  volume={39},
  number={5},
  pages={17--30},
  year={2005},
  organization={ACM}
}

@inproceedings{histar,
  title={Making information flow explicit in HiStar},
  author={Zeldovich, Nickolai and Boyd-Wickizer, Silas and Kohler, Eddie and Mazi{\`e}res, David},
  booktitle={Proceedings of the 7th symposium on Operating systems design and implementation},
  pages={263--278},
  year={2006},
  organization={USENIX Association}
}

@inproceedings{dstar,
  title={Securing Distributed Systems with Information Flow Control.},
  author={Zeldovich, Nickolai and Boyd-Wickizer, Silas and Mazieres, David},
  booktitle={NSDI},
  volume={8},
  pages={293--308},
  year={2008}
}

@inproceedings{filenotafile,
 author = {Harter, Tyler and Dragga, Chris and Vaughn, Michael and Arpaci-Dusseau, Andrea C. and Arpaci-Dusseau, Remzi H.},
 title = {A File is Not a File: Understanding the I/O Behavior of Apple Desktop Applications},
 booktitle = {Proceedings of the Twenty-Third ACM Symposium on Operating Systems Principles},
 series = {SOSP '11},
 year = {2011},
 isbn = {978-1-4503-0977-6},
 location = {Cascais, Portugal},
 pages = {71--83},
 numpages = {13},
 url = {http://doi.acm.org/10.1145/2043556.2043564},
 doi = {10.1145/2043556.2043564},
 acmid = {2043564},
 publisher = {ACM},
 address = {New York, NY, USA},
} 

@inproceedings{flume,
  title={Information flow control for standard OS abstractions},
  author={Krohn, Maxwell and Yip, Alexander and Brodsky, Micah and Cliffer, Natan and Kaashoek, M Frans and Kohler, Eddie and Morris, Robert},
  booktitle={ACM SIGOPS Operating Systems Review},
  volume={41},
  number={6},
  pages={321--334},
  year={2007},
  organization={ACM}
}

@book{laminar,
  title={Laminar: practical fine-grained decentralized information flow control},
  author={Roy, Indrajit and Porter, Donald E and Bond, Michael D and McKinley, Kathryn S and Witchel, Emmett},
  volume={44},
  number={6},
  year={2009},
  publisher={ACM}
}

@inproceedings{aeolus,
  title={Abstractions for usable information flow control in Aeolus},
  author={Cheng, Winnie and Ports, Dan RK and Schultz, David and Popic, Victoria and Blankstein, Aaron and Cowling, James and Curtis, Dorothy and Shrira, Liuba and Liskov, Barbara},
  booktitle={Presented as part of the 2012 USENIX Annual Technical Conference (USENIX ATC 12)},
  pages={139--151},
  year={2012}
}

@article{taintdroid,
  title={TaintDroid: an information-flow tracking system for realtime privacy monitoring on smartphones},
  author={Enck, William and Gilbert, Peter and Han, Seungyeop and Tendulkar, Vasant and Chun, Byung-Gon and Cox, Landon P and Jung, Jaeyeon and McDaniel, Patrick and Sheth, Anmol N},
  journal={ACM Transactions on Computer Systems (TOCS)},
  volume={32},
  number={2},
  pages={5},
  year={2014},
  publisher={ACM}
}

@book{neon,
  title={Neon: system support for derived data management},
  author={Zhang, Qing and McCullough, John and Ma, Justin and Schear, Nabil and Vrable, Michael and Vahdat, Amin and Snoeren, Alex C and Voelker, Geoffrey M and Savage, Stefan},
  volume={45},
  number={7},
  year={2010},
  publisher={ACM}
}

@inproceedings{demandemulation,
  title={Practical taint-based protection using demand emulation},
  author={Ho, Alex and Fetterman, Michael and Clark, Christopher and Warfield, Andrew and Hand, Steven},
  booktitle={ACM SIGOPS Operating Systems Review},
  volume={40},
  number={4},
  pages={29--41},
  year={2006},
  organization={ACM}
}

@article{practicaltainting,
  title={Towards practical taint tracking},
  author={Ermolinskiy, Andrey and Katti, Sachin and Shenker, Scott and Fowler, L and McCauley, Murphy},
  journal={EECS Department, University of California, Berkeley, Tech. Rep. UCB/EECS-2010-92},
  year={2010},
  publisher={Citeseer}
}

@inproceedings{datacapsules,
  title={{Do You Know Where Your Data Are? Secure Data Capsules for Deployable Data Protection}},
  author={Maniatis, Petros and Akhawe, Devdatta and Fall, Kevin and Shi, Elaine and Song, Dawn},
  booktitle={Proceedings of HotOS '11},
  month={May},
  year={2011}
}

@article{trustzone,
  title={Trustzone: Integrated hardware and software security},
  author={Alves, Tiago and Felton, Don},
  journal={ARM white paper},
  volume={3},
  number={4},
  pages={18--24},
  year={2004}
}

@inproceedings{hypervision,
  title={Hypervision across worlds: Real-time kernel protection from the arm trustzone secure world},
  author={Azab, Ahmed M and Ning, Peng and Shah, Jitesh and Chen, Quan and Bhutkar, Rohan and Ganesh, Guruprasad and Ma, Jia and Shen, Wenbo},
  booktitle={Proceedings of the 2014 ACM SIGSAC Conference on Computer and Communications Security},
  pages={90--102},
  year={2014},
  organization={ACM}
}

@inproceedings{TLR,
  title={Using ARM TrustZone to build a trusted language runtime for mobile applications},
  author={Santos, Nuno and Raj, Himanshu and Saroiu, Stefan and Wolman, Alec},
  booktitle={ACM SIGARCH Computer Architecture News},
  volume={42},
  number={1},
  pages={67--80},
  year={2014},
  organization={ACM}
}

@article{SKEE,
  title={SKEE: A Lightweight Secure Kernel-level Execution Environment for ARM},
  author={Azab, Ahmed M and Swidowski, Kirk and Bhutkar, Jia Ma and Shen, Wenbo and Wang, Ruowen and Ning, Peng},
  year={2016}
}

@inproceedings{Terra,
  title={Terra: A virtual machine-based platform for trusted computing},
  author={Garfinkel, Tal and Pfaff, Ben and Chow, Jim and Rosenblum, Mendel and Boneh, Dan},
  booktitle={ACM SIGOPS Operating Systems Review},
  volume={37},
  number={5},
  pages={193--206},
  year={2003},
  organization={ACM}
}

@inproceedings{Nokia1,
  title={On-board credentials with open provisioning},
  author={Kostiainen, Kari and Ekberg, Jan-Erik and Asokan, N and Rantala, Aarne},
  booktitle={Proceedings of the 4th International Symposium on Information, Computer, and Communications Security},
  pages={104--115},
  year={2009},
  organization={ACM}
}

@inproceedings{Nokia2,
  title={Scheduling execution of credentials in constrained secure environments},
  author={Ekberg, Jan-Erik and Asokan, N and Kostiainen, Kari and Rantala, Aarne},
  booktitle={Proceedings of the 3rd ACM workshop on Scalable trusted computing},
  pages={61--70},
  year={2008},
  organization={ACM}
}

@inproceedings{TrustedSensors,
  title={Software abstractions for trusted sensors},
  author={Liu, He and Saroiu, Stefan and Wolman, Alec and Raj, Himanshu},
  booktitle={Proceedings of the 10th international conference on Mobile systems, applications, and services},
  pages={365--378},
  year={2012},
  organization={ACM}
}

@article{Backtracking,
  title={Backtracking intrusions},
  author={King, Samuel T and Chen, Peter M},
  journal={ACM SIGOPS Operating Systems Review},
  volume={37},
  number={5},
  pages={223--236},
  year={2003},
  publisher={ACM}
}

@inproceedings{secvisor,
  title={SecVisor: A tiny hypervisor to provide lifetime kernel code integrity for commodity OSes},
  author={Seshadri, Arvind and Luk, Mark and Qu, Ning and Perrig, Adrian},
  booktitle={ACM SIGOPS Operating Systems Review},
  volume={41},
  number={6},
  pages={335--350},
  year={2007},
  organization={ACM}
}

@inproceedings{policydata,
  title={{Policy-Carrying Data: A Privacy Abstraction for Attaching Terms of Service to Mobile Data}},
  author={Saroiu, Stefan and Wolman, Alec and Agarwal, Sharad},
  booktitle={{Proceedings of HotMobile '15}},
  year={2015},
  month={February}
}

@inproceedings {excalibur,
  author = {Nuno Santos and Rodrigo Rodrigues and Krishna P. Gummadi and Stefan Saroiu},
  title = {{Policy-Sealed Data: A New Abstraction for Building Trusted Cloud Services}},
  booktitle = {Proceedings of USENIX Security '12},
  year = {2012},
  month = {August}
}

@inproceedings{enforcinglifetime,
  title={Making Programs Forget: Enforcing Lifetime for Sensitive Data.},
  author={Kannan, Jayanthkumar and Chun, Byung-Gon},
  booktitle={HotOS},
  year={2011}
}

@inproceedings{cloudprivacyconcerns,
  title={Data security and privacy protection issues in cloud computing},
  author={Chen, Deyan and Zhao, Hong},
  booktitle={Computer Science and Electronics Engineering (ICCSEE), 2012 International Conference on},
  volume={1},
  pages={647--651},
  year={2012},
  organization={IEEE}
}

@inproceedings{lacuna,
  title={Eternal sunshine of the spotless machine: Protecting privacy with ephemeral channels},
  author={Dunn, Alan M and Lee, Michael Z and Jana, Suman and Kim, Sangman and Silberstein, Mark and Xu, Yuanzhong and Shmatikov, Vitaly and Witchel, Emmett},
  booktitle={Presented as part of the 10th USENIX Symposium on Operating Systems Design and Implementation (OSDI 12)},
  pages={61--75},
  year={2012}
}

@inproceedings{restrictedspaces,
  title={Regulating ARM TrustZone Devices in Restricted Spaces},
  author={Brasser, Ferdinand and Kim, Daeyoung and Liebchen, Christopher and Ganapathy, Vinod and Iftode, Liviu and Sadeghi, Ahmad-Reza},
  booktitle={Proceedings of the 14th Annual International Conference on Mobile Systems, Applications, and Services},
  pages={413--425},
  year={2016},
  organization={ACM}
}

@inproceedings{cleanroom,
 author = {Lee, Sangmin and Goel, Deepak and Wong, Edmund L. and Kadav, Asim and Dahlin, Mike},
 title = {Privacy Preserving Collaboration in Bring-Your-Own-Apps},
 booktitle = {Proceedings of the Seventh ACM Symposium on Cloud Computing},
 series = {SoCC '16},
 year = {2016},
 isbn = {978-1-4503-4525-5},
 location = {Santa Clara, CA, USA},
 pages = {265--278},
 numpages = {14},
 url = {http://doi.acm.org/10.1145/2987550.2987587},
 doi = {10.1145/2987550.2987587},
 acmid = {2987587},
 publisher = {ACM},
 address = {New York, NY, USA},
 keywords = {Mobile applications, Privacy},
} 

@inproceedings{trinc,
  title={TrInc: Small Trusted Hardware for Large Distributed Systems.},
  author={Levin, Dave and Douceur, John R and Lorch, Jacob R and Moscibroda, Thomas},
  booktitle={NSDI},
  volume={9},
  pages={1--14},
  year={2009}
}

@inproceedings{ctpm,
  title={cTPM: a cloud TPM for cross-device trusted applications},
  author={Chen, Chen and Raj, Himanshu and Saroiu, Stefan and Wolman, Alec},
  booktitle={11th USENIX Symposium on Networked Systems Design and Implementation (NSDI 14)},
  year={2014}
}

@inproceedings{ryoan,
  title={{Ryoan: A Distributed Sandbox for Untrusted Computation on Secret Data}},
  author={Hunt, Tyler and Zhu, Zhiting and Xu, Yuanzhong and Peter, Simon and Witchel, Emmett},
  booktitle={Proceedings of OSDI '16},
  year = {2016},
  month = {November}
}

@inproceedings{P3,
  title={P3: Toward privacy-preserving photo sharing},
  author={Ra, Moo-Ryong and Govindan, Ramesh and Ortega, Antonio},
  booktitle={Proceedings of NSDI '13},
  month = {April},
  year={2013}
}

@inproceedings{taser,
  title={The taser intrusion recovery system},
  author={Goel, Ashvin and Po, Kenneth and Farhadi, Kamran and Li, Zheng and De Lara, Eyal},
  booktitle={ACM SIGOPS Operating Systems Review},
  volume={39},
  number={5},
  pages={163--176},
  year={2005},
  organization={ACM}
}

@inproceedings{privacycapsules,
  title={Privacy Capsules: Preventing information leaks by mobile apps},
  author={Herbster, Raul and DellaTorre, Scott and Druschel, Peter and Bhattacharjee, Bobby},
  booktitle={Proc. of MobiSys},
  year={2016}
}

@misc{VMWareAce,
  title = {{About VMware ACE}},
  howpublished = {\url{https://www.vmware.com/support/ace/doc/whatsnew_ace.html}},
  note = {Accessed: 2016-11-26},
}

@inbook{SnapchatStudy14,
title = {{Sex, Lies, Or kittens? investigating the use of snapchat’s self-destructing messages}},
author = "Franziska Roesner and Gill, {Brian T.} and Tadayoshi Kohno",
year = "2014",
doi = "10.1007/978-3-662-45472-5_5",
volume = "8437",
series = "Lecture Notes in Computer Science",
publisher = "Springer Verlag",
pages = "64--76",
booktitle = "Financial Cryptography and Data Security",
}


@inproceedings{SeCloak,
 author = {Lentz, Matthew and Sen, Rijurekha and Druschel, Peter and Bhattacharjee, Bobby},
 title = {SeCloak: ARM Trustzone-based Mobile Peripheral Control},
 booktitle = {Proceedings of the 16th Annual International Conference on Mobile Systems, Applications, and Services},
 series = {MobiSys '18},
 year = {2018},
 isbn = {978-1-4503-5720-3},
 location = {Munich, Germany},
 pages = {1--13},
 numpages = {13},
 url = {http://doi.acm.org/10.1145/3210240.3210334},
 doi = {10.1145/3210240.3210334},
 acmid = {3210334},
 publisher = {ACM},
 address = {New York, NY, USA},
}

@inproceedings{SchrodinText,
 author = {Amiri Sani, Ardalan},
 title = {SchrodinText: Strong Protection of Sensitive Textual Content of Mobile Applications},
 booktitle = {Proceedings of the 15th Annual International Conference on Mobile Systems, Applications, and Services},
 series = {MobiSys '17},
 year = {2017},
 isbn = {978-1-4503-4928-4},
 location = {Niagara Falls, New York, USA},
 pages = {197--210},
 numpages = {14},
 url = {http://doi.acm.org/10.1145/3081333.3081346},
 doi = {10.1145/3081333.3081346},
 acmid = {3081346},
 publisher = {ACM},
 address = {New York, NY, USA},
 keywords = {UI safety, mobile devices, text protection, trustzone, virtualization},
}

@inproceedings {DelegaTEE,
author = {Sinisa Matetic and Moritz Schneider and Andrew Miller and Ari Juels and Srdjan Capkun},
title = {DelegaTEE: Brokered Delegation Using Trusted Execution Environments},
booktitle = {27th {USENIX} Security Symposium ({USENIX} Security 18)},
year = {2018},
isbn = {978-1-931971-46-1},
address = {Baltimore, MD},
pages = {1387--1403},
url = {https://www.usenix.org/conference/usenixsecurity18/presentation/matetic},
publisher = {{USENIX} Association},
}

@misc{LinaroBlog,
author = {Joakim Bech, Ard Biesheuvel, Mark Brown, Daniel Thompson},
title = {Implications of Meltdown and Spectre : Part 2},
type = {Blog},
number = {February 7},
year = {2018},
howpublished = {\url{https://www.linaro.org/blog/meltdown-spectre-2/}},
}

@inproceedings{karjoth02enterprise,
 author = {Karjoth, G\"{u}nter and Schunter, Matthias and Waidner, Michael},
 title = {{Platform for Enterprise Privacy Practices: Privacy-enabled Management of Customer Data}},
 booktitle = {Proceedings of PET '02},
 year = {2002},
 month = {April},
}

@inproceedings{mont03stickypolicies,
  author = {Marco Casassa Mont and Siani Pearson and Pete Bramhall},
  title = {{Towards Accountable Management of Identity and Privacy: Sticky Policies and Enforceable Tracing Services}},
  booktitle = {Proceedings of DEXA Workshop '03},
  month = {September},
  year = {2003},
}

@inproceedings{li14droidvault,
  author = {X. Li and H. Hu and G. Bai and Y. Jia and Z. Liang and P. Saxena},
  booktitle = {Proceedings of ICECCS '14},
  title = {{DroidVault: A Trusted Data Vault for Android Devices}},
  year = {2014},
  month = {August}
}

@inproceedings{lazouski14stateful,
  author = {Aliaksandr Lazouski and Fabio Martinelli and Paolo Mori and Andrea Saracino},
  title = {{Stateful Usage Control for Android Mobile Devices}},
  booktitle = {Proceedings of STM '14},
  year = {2014},
  month = {September},
  timestamp = {Wed, 24 May 2017 08:30:51 +0200},
  biburl = {https://dblp.org/rec/bib/conf/stm/LazouskiMMS14},
  bibsource = {dblp computer science bibliography, https://dblp.org}
}

@article{pearson11stickypolicies,
  author = {Siani Pearson and Marco Casassa Mont},
  title = {{Sticky Policies: An Approach for Managing Privacy across Multiple Parties}},
  journal = {{IEEE} Computer},
  volume = {44},
  number = {9},
  pages = {60--68},
  year = {2011},
  url = {https://doi.org/10.1109/MC.2011.225},
  doi = {10.1109/MC.2011.225},
  timestamp = {Wed, 14 Jun 2017 20:38:17 +0200},
  biburl    = {https://dblp.org/rec/bib/journals/computer/PearsonM11},
  bibsource = {dblp computer science bibliography, https://dblp.org}
}

@inproceedings{li18vbutton,
  author = {Wenhao Li and Shiyu Luo and Zhichuang Sun and Yubin Xia and Long Lu
                  and Haibo Chen and Binyu Zang and Haibing Guan},
  title = {{VButton: Practical Attestation of User-driven Operations in Mobile Apps}},
  booktitle = {Proceedings of MobiSys '18},
  month = {June},
  year = {2018},
  biburl = {https://dblp.org/rec/bib/conf/mobisys/LiLSXLCZG18},
  bibsource = {dblp computer science bibliography, https://dblp.org}
}

@inproceedings{lentz18secloak,
  author = {Matthew Lentz and Rijurekha Sen and Peter Druschel and Bobby Bhattacharjee},
  title = {{SeCloak: {ARM} Trustzone-based Mobile Peripheral Control}},
  booktitle = {Proceedings of MobiSys '18},
  month = {June},
  year = {2018},
  biburl    = {https://dblp.org/rec/bib/conf/mobisys/LentzSDB18},
  bibsource = {dblp computer science bibliography, https://dblp.org}
}

@inproceedings{ying18truzdroid,
  author = {Kailiang Ying and Amit Ahlawat and Bilal Alsharifi and Yuexin
                  Jiang and Priyank Thavai and Wenliang Du},
  title = {{TruZ-Droid: Integrating TrustZone with Mobile Operating System}},
  booktitle = {Proceedings of MobiSys '18},
  month = {June},
  year = {2018},
  biburl = {https://dblp.org/rec/bib/conf/mobisys/YingAAJTD18},
  bibsource = {dblp computer science bibliography, https://dblp.org}
}

@inproceedings{guan17trustshadow,
  author = {Le Guan and Peng Liu and Xinyu Xing and Xinyang Ge and Shengzhi
                  Zhang and Meng Yu and Trent Jaeger},
  title = {{TrustShadow: Secure Execution of Unmodified Applications with ARM TrustZone}},
  booktitle = {Proceedings of MobiSys '17},
  month = {June},
  year = {2017},
  biburl = {https://dblp.org/rec/bib/conf/mobisys/GuanLXGZYJ17},
  bibsource = {dblp computer science bibliography, https://dblp.org}
}

@inproceedings{sani17schrodintext,
  author = {Ardalan Amiri Sani},
  title = {{SchrodinText: Strong Protection of Sensitive Textual Content of Mobile Applications}},
  booktitle = {Proceedings of MobiSys '17},
  month = {June},
  year = {2017},
  biburl = {https://dblp.org/rec/bib/conf/mobisys/Sani17},
  bibsource = {dblp computer science bibliography, https://dblp.org}
}

@inproceedings{matetic18delegatee,
  author    = {Sinisa Matetic and Moritz Schneider and Andrew Miller and Ari Juels and Srdjan Capkun},
  title     = {{DelegaTEE: Brokered Delegation Using Trusted Execution Environments}},
  booktitle = {Proceedings of USENIX Security '18},
  month = {August},
  year      = {2018},
  bibsource = {dblp computer science bibliography, https://dblp.org}
}

@misc{xacl,
 author = {Satoshi Hada and Michiharu Kudo},
 title = {{XML Access Control Language: Provisional Authorization for XML Documents}},
 howpublished = {\url{http://xml.coverpages.org/xacl-spec200102.html}}
}

@misc{mbed,
  title = {{ARM mbed TLS}},
  howpublished = {\url{https://tls.mbed.org}}
}
